@book{BH1,
      author        = "Bushnell, C. J. and Henniart, G.",
      title         = "{The Local Langlands Conjecture for GL(2)}",
      publisher     = "Springer Berlin",
      series        = "Grundlehren der mathematischen Wissenschaften",
      year          = "2006",
}

@book{DEW1,
      author        = "Dokchitser, V. and Evans, R. and Wiersema, H.",
      title         = "{On a BSD-type formula for L-values of Artin Twists of Elliptic Curves}",
      publisher     = "Crelles Journal",
      series        = "Graduate Texts in Mathematics",
      year          = "2021",
}